@book{hamming,
	author = {Hamming, Richard W},
	title = {Numerical Methods for Scientists and Engineers (2nd Ed.)},
	year = {1986},
	isbn = {0486652416},
	publisher = {Dover Publications, Inc.},
	address = {USA}
}
@book{numrec,
	author = {Press, William H. and Teukolsky, Saul A. and Vetterling, William T. and Flannery, Brian P.},
	title = {Numerical Recipes in C (2nd Ed.): The Art of Scientific Computing},
	year = {1992},
	isbn = {0521431085},
	publisher = {Cambridge University Press},
	address = {USA}
}

